@inproceedings{Wiggins1989,
  author = {Wiggins, Geraint and Harris, Mitch and Smaill, Alan},
  booktitle = {Proceedings of the Second Workshop on AI and Music},
  editor = {Balaban, M and {Ebcio Vglu}, K and Laske, O and Lischka, C and Soriso, L},
  organization = {Dept.$\backslash$ of Artificial Intelligence, Edinburgh},
  publisher = {Association for the Advancement of Artificial Intelligence},
  title = {Representing Music for Analysis and Composition},
  url = {http://www.dai.ed.ac.uk/papers/documents/rp504.html},
  year = {1989}
}

@article{Honing1993,
  author = {Honing, Henkjan},
  editor = {Cross, Ian and Deli\`{e}ge, Irene},
  journal = {Contemporary Music Review},
  publisher = {Routledge},
  title = {{Issues on the representation of time and structure in music}},
  url = {http://www.informaworld.com/openurl?genre=article\&doi=10.1080/07494469300640461\&magic=crossref},
  year = {1993}
}

@article{hudak1996haskore,
  title={Haskore music notation--An algebra of music--},
  author={Hudak, Paul and Makucevich, Tom and Gadde, Syam and Whong, Bo},
  journal={Journal of Functional Programming},
  year={1996},
  publisher={Cambridge Univ Press}
}

@article{Bilmes1992,
  author = {Bilmes, J},
  journal = {\ldots of the International Computer Music \ldots},
  title = {{A Model for Musical Rhythm}},
  url = {http://ssli.ee.washington.edu/~bilmes/mypubs/bilmes1992-musryth.pdf},
  year = {1992}
}

@article{Smaill1993,
  annote = {It illusrates a possible compositional use in a funtional language;
    And an analysis example},
  author = {Smaill, A and Wiggins, G and Harris, M},
  journal = {Computers and the Humanities},
  publisher = {Springer Netherlands},
  title = {{Hierarchical music representation for composition and analysis}},
  url = {http://www.soi.city.ac.uk/~geraint/papers/CHum93.pdf},
  year = {1993}
}

@article{Dannenberg1993,
  author = {Dannenberg, Roger B},
  journal = {Computer Music Journal},
  title = {{A Brief Survey of Music Representation Issues, Techniques, and Systems}},
  url = {www.cs.cmu.edu/~rbd/papers/issues.pd},
  year = {1993}
}

@article{Brinkman1984,
  author = {Brinkman, A},
  journal = {Proceedings of the ICMC},
  title = {{A Data Structure for Computer Analysis of Musical Scores}},
  url = {http://scholar.google.com/scholar?hl=en\&btnG=Search\&q=intitle:A+Data+Structure+for+Computer+Analysis+of+Musical+Scores\#1},
  year = {1984}
}

@article{Buxton1978,
  author = {Buxton, William and Reeves, William and Baecker, Ronald and Mezei, Leslie},
  chapter = {10},
  journal = {Computer Music Journal},
  publisher = {The MIT Press},
  title = {{The Use of Hierarchy and Instance in a Data Structure for Computer Music}},
  url = {http://www.jstor.org/stable/3680369?origin=crossref},
  year = {1978}
}

@article {Dannenberg1990,
  author = {Dannenberg, Roger B.},
  title = {A structure for efficient update, incremental redisplay and undo in graphical editors},
  journal = {Software: Practice and Experience},
  publisher = {John Wiley \& Sons, Ltd.},
  year = {1990},
}

@article{almeida2012wiki,
  title   = {WIKI::SCORE - A Collaborative Environment For Music Transcription And Publishing},
  author  = {Almeida, J.J. and Carvalho, N.R. and Oliveira, J.N.},
  note    = {\url{http://wiki-score.org/} },
  year    = {2012}
}

@article{kosar2010comparing,
  title={Comparing general-purpose and domain-specific languages: An empirical study},
  author={Kosar, Toma{\v{z}} and Oliveira, Nuno and Mernik, Marjan and Pereira, Varanda Jo{\~a}o
  Maria and {\v{C}}repin{\v{s}}ek, Matej and Da, Cruz Daniela and Henriques, Rangel Pedro},
  journal={Computer Science and Information Systems},
  year={2010}
}

@article{kosar2008preliminary,
  title={A preliminary study on various implementation approaches of domain-specific language},
  author={Kosar, Toma{\v{z}} and Barrientos, Pablo A and Mernik, Marjan and others},
  journal={Information and Software Technology},
  year={2008},
  publisher={Elsevier}
}

@phdthesis{tesejj,
  author =        {José João Dias de Almeida},
  title =         {Dicionários dinâmicos multi-fonte},
  school =        {Universidade do Minho},
  type =          "Tese de Doutoramento",
  superviser =    "Pedro Rangel Henriques",
  url=            "http://natura.di.uminho.pt/~jj/bib/tesejj.pdf",
  year =          2003,
  lang =          "PT",
}

@book{raymond2004art,
  title={The art of Unix programming},
  author={Raymond, E.S.},
  year={2004},
  publisher={Addison-Wesley Professional}
}

@book{benward2003music,
  title         = {Music: In Theory and Practice},
  author        = {Benward, B. and Saker, M.},
  isbn          = {9780072942620},
  howpublished  = { \url{http://books.google.pt/books?id=qkYJAQAAMAAJ} },
  year          = {2003},
  publisher     = {McGraw-Hill}
}

@book{balaban1987music,
  title         = {A Music Workstation Based on Multiple Hierarchical Views of Music},
  author        = {Balaban, M.},
  howpublished  = { \url{http://books.google.pt/books?id=ehtnGwAACAAJ} },
  year          = {1987},
  publisher     = {State University of New York at Albany, Department of Computer Science}
}

@misc{abcnotation:Online,
  author        = {Walshaw, Chris},
  title         = {Abc Notation},
  howpublished  = { \url{http://abcnotation.com/} },
  note          = "Musical Notation",
}

@misc{lilypond:Online,
  author        = {Nienhuys, Han-Wen and Nieuwenhuizen, Jan},
  title         = {LilyPond},
  howpublished  = { \url{http://lilypond.org/} },
  note          = "Musical Notation",
}

@misc{musicxml:Online,
  author        = {Recordare LLC},
  title         = {MusicXML},
  howpublished  = { \url{http://www.makemusic.com/musicxml} },
  note          = "Musical Notation",
}

@misc{abcm2ps:Online,
  author        = {Moine, Jean-François},
  title         = {abcm2ps},
  howpublished  = { \url{http://moinejf.free.fr/} },
  note          = "Tool",
}

@misc{tclabc:Online,
  author        = {Moine, Jean-François},
  title         = {tclabc},
  howpublished  = { \url{http://moinejf.free.fr/} },
  note          = "Tool",
}

@misc{abc2midi:Online,
  author        = {Allwright, James and Shlien, Seymour},
  title         = {abc2midi},
  howpublished  = { \url{http://abc.sourceforge.net/abcMIDI/} },
  note          = "Tool",
}

@misc{abctool:Online,
  author        = {Jensen, Atte André},
  title         = {abctool},
  howpublished  = { \url{http://atte.dk/abctool/} },
  note          = "Tool",
}

@misc{music21:Online,
  author        = {Cuthbert, Michael Scott and Houge, Ben},
  title         = {Music21},
  howpublished  = { \url{http://web.mit.edu/music21/} },
  note          = "Toolkit",
}
