@article{almeida2012wiki,
	title={WIKI:: SCORE-A Collaborative Environment For Music Transcription And Publishing},
	author={Almeida, J.J. and Carvalho, N.R. and Oliveira, J.N.},
	year={2012}
}

@article{deutsch1981internal,
	title={The internal representation of pitch sequences in tonal music.},
	author={Deutsch, D. and Feroe, J.},
	journal={Psychological Review},
	volume={88},
	number={6},
	pages={503},
	year={1981},
	publisher={American Psychological Association}
}

@inproceedings{magalhaes2011functional,
	title={Functional modelling of musical harmony: an experience report},
	author={Magalh{\~a}es, J.P. and de Haas, W.B.},
	booktitle={ACM SIGPLAN Notices},
	volume={46},
	number={9},
	pages={156--162},
	year={2011},
	organization={ACM}
}

@article{dannenberg1993brief,
	title={A brief survey of music representation issues},
	author={Dannenberg, R.B. and others},
	year={1993}
}

@article{prather1996harmonic,
	title={Harmonic analysis from the computer representation of a musical score},
	author={Prather, R.E.},
	journal={Commun. ACM},
	volume={39},
	number={12es},
	pages={239--255},
	year={1996}
}

@inproceedings{cuthbert2010music21,
	title={music21: A toolkit for computer-aided musicology and symbolic music data},
	author={Cuthbert, M.S. and Ariza, C.},
	booktitle={Int. Society for Music Information Retrieval Conf.(ISMIR 2010)},
	year={2010}
}

@article{cuthbert2011feature,
	title={FEATURE EXTRACTION AND MACHINE LEARNING},
	author={Cuthbert, M.S. and Ariza, C. and Friedland, L.},
	year={2011}
}

@inproceedings{ariza2011music21,
	title={The music21 stream: A new object model for representing, filtering, and transforming symbolic musical structures},
	author={Ariza, C. and Cuthbert, M.S.},
	booktitle={Proceedings of the International Computer Music Conference},
	pages={61--68},
	year={2011}
}

@inproceedings{oliwa2008genetic,
	title={Genetic algorithms and the abc music notation language for rock music composition},
	author={Oliwa, T.M.},
	booktitle={Proceedings of the 10th annual conference on Genetic and evolutionary computation},
	pages={1603--1610},
	year={2008},
	organization={ACM}
}

@article{laursonintroduction,
	title={INTRODUCTION TO COMPUTER-ASSITED MUSIC ANALYSIS IN PWGL},
	author={Laurson, M. and Kuuskankare, M. and Kuitunen, K.}
}

@inproceedings{manaris2007corpus,
	title={A corpus-based hybrid approach to music analysis and composition},
	author={Manaris, B. and Roos, P. and Machado, P. and Krehbiel, D. and Pellicoro, L. and Romero, J.},
	booktitle={Proceedings of the National Conference on Artificial Intelligence},
	volume={22},
	number={1},
	pages={839},
	year={2007},
	organization={Menlo Park, CA; Cambridge, MA; London; AAAI Press; MIT Press; 1999}
}		

@inproceedings{chai2001folk,
	title={Folk music classification using hidden Markov models},
	author={Chai, W. and Vercoe, B.},
	booktitle={Proceedings of International Conference on Artificial Intelligence},
	volume={6},
	number={6.4},
	year={2001},
	organization={Citeseer}
}

@article{antonopoulos2007music,
	title={Music retrieval by rhythmic similarity applied on greek and african traditional music},
	author={Antonopoulos, I. and Pikrakis, A. and Theodoridis, S. and Cornelis, O. and Moelants, D. and Leman, M.},
	year={2007}
}
