@inproceedings{Wiggins1989,
  author = {Wiggins, Geraint and Harris, Mitch and Smaill, Alan},
  booktitle = {Proceedings of the Second Workshop on AI and Music},
  editor = {Balaban, M and {Ebcio Vglu}, K and Laske, O and Lischka, C and Soriso, L},
  organization = {Dept. of Artificial Intelligence, Edinburgh},
  publisher = {Association for the Advancement of Artificial Intelligence},
  title = {Representing Music for Analysis and Composition},
  url = {http://www.dai.ed.ac.uk/papers/documents/rp504.html},
  year = {1989}
}

@inproceedings{chai2001folk,
  author = {Chai, W and Vercoe, B},
  booktitle = {Proceedings of International Conference on Artificial Intelligence},
  organization = {Citeseer},
  title = {{Folk music classification using hidden Markov models}},
  year = {2001}
}

@inproceedings{manaris2007corpus,
  author = {Manaris, B and Roos, P and Machado, P and Krehbiel, D and Pellicoro, L and Romero, J},
  booktitle = {Proceedings of the National Conference on Artificial Intelligence},
  organization = {Menlo Park, CA; Cambridge, MA; London; AAAI Press; MIT Press; 1999},
  title = {{A corpus-based hybrid approach to music analysis and composition}},
  volume = {22},
  year = {2007}
}

@inproceedings{oliwa2008genetic,
  author = {Oliwa, T M},
  booktitle = {Proceedings of the 10th annual conference on Genetic and evolutionary computation},
  organization = {ACM},
  title = {{Genetic algorithms and the abc music notation language for rock music composition}},
  year = {2008}
}

@inproceedings{Tan1999,
  author = {Tan, Ah-hwee},
  editor = {Zhong, N and Zhou, L},
  journal = {Proceedings of the PAKDD 1999 Workshop on Knowledge Disocovery from Advanced Databases},
  publisher = {Citeseer},
  title = {{Text Mining : The state of the art and the challenges}},
  url = {http://citeseerx.ist.psu.edu/viewdoc/download?doi=10.1.1.38.7672\&amp;rep=rep1\&amp;type=pdf},
  volume = {8},
  year = {1999}
}

@inproceedings{Bilmes1992,
  author = {Bilmes, J},
  journal = {Proceedings of the International Computer Music},
  title = {{A Model for Musical Rhythm}},
  url = {http://ssli.ee.washington.edu/~bilmes/mypubs/bilmes1992-musryth.pdf},
  year = {1992}
}

@inproceedings{Brinkman1984,
  author = {Brinkman, A},
  journal = {Proceedings of the ICMC},
  title = {{A Data Structure for Computer Analysis of Musical Scores}},
  url = {http://scholar.google.com/scholar?hl=en\&btnG=Search\&q=intitle:A+Data+Structure+for+Computer+Analysis+of+Musical+Scores\#1},
  year = {1984}
}

@article{Azevedo2013,
  author = {Azevedo, Bruno and Almeida, José João},
  journal = {Symposium on Languages, Applications and Technologies},
  publisher = {Open Access Series in Informatics},
  url = {http://www.dagstuhl.de/dagpub/978-3-939897-52-1},
  volume = {29},
  title = {{ABC with a UNIX Flavor}},
  url = {http://www.informaworld.com/openurl?genre=article\&doi=10.1080/07494469300640461\&magic=crossref},
  year = {2013}
}

@article{Honing1993,
  author = {Honing, Henkjan},
  editor = {Cross, Ian and Deliège, Irene},
  journal = {Contemporary Music Review},
  publisher = {Routledge},
  title = {{Issues on the representation of time and structure in music}},
  url = {http://www.informaworld.com/openurl?genre=article\&doi=10.1080/07494469300640461\&magic=crossref},
  year = {1993}
}

@article{Conklin2002,
  author = {Conklin, Darrell},
  editor = {Anagnostopoulou, C and Ferrand, M and Smaill, A},
  journal = {Music and Artificial Intelligence},
  publisher = {Springer},
  series = {Lecture Notes in Computer Science},
  title = {{Representation and Discovery of Vertical Patterns in Music}},
  url = {http://www.springerlink.com/index/1uawyfwjwa1c6hm4.pdf},
  volume = {LNCS:2445},
  year = {2002}
}

@article{Guaus2007,
  author = {Guaus, Enric and Herrera, Perfecto},
  institution = {NI-BIT},
  journal = {Audio},
  publisher = {Citeseer},
  title = {{A basic system for music genre classification}},
  url = {http://citeseerx.ist.psu.edu/viewdoc/download?doi=10.1.1.76.9562\&amp;rep=rep1\&amp;type=pdf},
  year = {2007}
}

@article{Langlois2009,
  author = {Langlois, T and Marques, G},
  booktitle = {2009 First International Conference on Advances in Multimedia},
  isbn = {9780769536934},
  publisher = {Ieee},
  title = {{Automatic Music Genre Classification Using a Hierarchical Clustering and a Language Model Approach}},
  url = {http://ieeexplore.ieee.org/lpdocs/epic03/wrapper.htm?arnumber=5206888},
  year = {2009}
}

@article{Lo2010,
  author = {Lo, Yu-Lung Lo Yu-Lung and Lin, Yi-Chang Lin Yi-Chang},
  booktitle = {Computer Science and Information Technology ICCSIT 2010 3rd IEEE International Conference on},
  isbn = {9781424455379},
  publisher = {IEEE},
  title = {{Content-based music classification}},
  url = {http://ieeexplore.ieee.org/xpls/abs\_all.jsp?arnumber=5563642},
  volume = {2},
  year = {2010}
}

@article{hudak1996haskore,
  title={Haskore music notation--An algebra of music},
  author={Hudak, Paul and Makucevich, Tom and Gadde, Syam and Whong, Bo},
  journal={Journal of Functional Programming},
  year={1996},
  publisher={Cambridge Univ Press}
}

@article{Smaill1993,
  annote = {It illusrates a possible compositional use in a funtional language;
    And an analysis example},
  author = {Smaill, A and Wiggins, G and Harris, M},
  journal = {Computers and the Humanities},
  publisher = {Springer Netherlands},
  title = {{Hierarchical music representation for composition and analysis}},
  url = {http://www.soi.city.ac.uk/~geraint/papers/CHum93.pdf},
  year = {1993}
}

@article{Dannenberg1993,
  author = {Dannenberg, Roger B},
  journal = {Computer Music Journal},
  title = {{A Brief Survey of Music Representation Issues, Techniques, and Systems}},
  url = {www.cs.cmu.edu/~rbd/papers/issues.pd},
  year = {1993}
}

@article{Buxton1978,
  author = {Buxton, William and Reeves, William and Baecker, Ronald and Mezei, Leslie},
  chapter = {10},
  journal = {Computer Music Journal},
  publisher = {The MIT Press},
  title = {{The Use of Hierarchy and Instance in a Data Structure for Computer Music}},
  url = {http://www.jstor.org/stable/3680369?origin=crossref},
  year = {1978}
}

@article {Dannenberg1990,
  author = {Dannenberg, Roger B.},
  title = {A structure for efficient update, incremental redisplay and undo in graphical editors},
  journal = {Software: Practice and Experience},
  publisher = {John Wiley \& Sons, Ltd.},
  year = {1990},
}

@article{almeida2012wiki,
  title   = {WIKI::SCORE - A Collaborative Environment For Music Transcription And Publishing},
  author  = {Almeida, J.J. and Carvalho, N.R. and Oliveira, J.N.},
  note    = {\url{http://wiki-score.org/} },
  year    = {2012}
}

@article{kosar2010comparing,
  title={Comparing general-purpose and domain-specific languages: An empirical study},
  author={Kosar, Toma{\v{z}} and Oliveira, Nuno and Mernik, Marjan and Pereira, Varanda Jo{\~a}o
  Maria and {\v{C}}repin{\v{s}}ek, Matej and Da, Cruz Daniela and Henriques, Rangel Pedro},
  journal={Computer Science and Information Systems},
  year={2010}
}

@article{kosar2008preliminary,
  title={A preliminary study on various implementation approaches of domain-specific language},
  author={Kosar, Toma{\v{z}} and Barrientos, Pablo A and Mernik, Marjan and others},
  journal={Information and Software Technology},
  year={2008},
  publisher={Elsevier}
}

@article{Atkins1992,
  author = {Atkins, Sue and Clear, Jeremy and Ostler, Nicholas},
  editor = {Dixon, Gordon},
  issn = {02681145},
  journal = {Literary and Linguistic Computing},
  publisher = {ALLC},
  title = {{Corpus Design Criteria}},
  url = {http://llc.oxfordjournals.org/content/7/1/1.short},
  year = {1992}
}

@article{Knopke,
  author = {Knopke, Ian},
  title = {{The Perlhumdrum And Perllilypond Toolkits For Symbolic Music Information Retrieval}}
}

@article{antonopoulos2007music,
  author = {Antonopoulos, I and Pikrakis, A and Theodoridis, S and Cornelis, O and Moelants, D and Leman, M},
  title = {{Music retrieval by rhythmic similarity applied on greek and african traditional music}},
  year = {2007}
}

@article{Ariza,
  author = {Ariza, Christopher and Cuthbert, Michael Scott},
  title = {{Modeling Beats, Accents, Beams, and Time Signatures Hierarchically with music21 Meter Objects}}
}

@article{albrechtemergence,
  title={On The Emergence Of the Major-Minor System: Cluster Analysis Suggests The Late 16Th century
  Collapse Of the Dorian And Aeolian Modes},
  author={Albrecht, J. and Huron, D.}
}

@article{paakki1995attribute,
  title={Attribute grammar paradigms—a high-level methodology in language implementation},
  author={Paakki, Jukka},
  journal={ACM Computing Surveys (CSUR)},
  volume={27},
  year={1995},
  publisher={ACM}
}

@article{Cuthbert2011,
  author = {Cuthbert, Michael Scott and Friedland, Lisa},
  title = {{Feature extraction and machine learning on symbolic music using the music21 toolkit}},
  year = {2011}
}

@article{Maddage2009,
  author = {Maddage, N and Li, Haizhou and Kankanhalli, M},
  journal = {Recent Advances in Multimedia Signal Processing and Communications},
  publisher = {Springer},
  title = {{A Survey of Music Structure Analysis Techniques for Music Applications}},
  url = {http://www.springerlink.com/index/FT671731J0403662.pdf},
  volume = {231},
  year = {2009}
}

@article{Talupur2003,
  author = {Talupur, Muralidhar and Nath, Suman and Yan, Hong},
  journal = {Building},
  pages = {1--5},
  title = {{Classification of Music Genre}},
  year = {2003}
}

@phdthesis{tesejj,
  author =        {José João Dias de Almeida},
  title =         {Dicionários dinâmicos multi-fonte},
  school =        {Universidade do Minho},
  superviser =    "Pedro Rangel Henriques",
  url=            "http://natura.di.uminho.pt/~jj/bib/tesejj.pdf",
  year =          2003,
  lang =          "PT",
}

@MastersThesis{teseandre,
  author =        {André Fernandes dos Santos},
  title =         {{Contributions for building a Corpora-Flow system}},
  school =        {Universidade do Minho},
  address=        {Portugal},
  year =          2011,
}

@book{hunston2002corpora,
  title={Corpora in Applied Linguistics},
  author={Hunston, S.},
  isbn={9780521805834},
  series={Cambridge Applied Linguistics},
  url={http://books.google.pt/books?id=BUIdMNgugGEC},
  year={2002},
  publisher={Cambridge University Press}
}

@book{wynne2005developing,
  title={Developing linguistic corpora: a guide to good practice},
  author={Wynne, M.},
  year={2005},
  publisher={Oxbow Books}
}

@book{raymond2004art,
  title={The art of Unix programming},
  author={Raymond, E.S.},
  year={2004},
  publisher={Addison-Wesley Professional}
}

@book{benward2003music,
  title         = {Music: In Theory and Practice},
  author        = {Benward, B. and Saker, M.},
  isbn          = {9780072942620},
  howpublished  = { \url{http://books.google.pt/books?id=qkYJAQAAMAAJ} },
  year          = {2003},
  publisher     = {McGraw-Hill}
}

@book{balaban1987music,
  title         = {A Music Workstation Based on Multiple Hierarchical Views of Music},
  author        = {Balaban, M.},
  howpublished  = { \url{http://books.google.pt/books?id=ehtnGwAACAAJ} },
  year          = {1987},
  publisher     = {State University of New York at Albany, Department of Computer Science}
}

@misc{abcnotation:Online,
  author        = {Walshaw, Chris},
  title         = {Abc Notation},
  howpublished  = { \url{http://abcnotation.com/} },
  note          = "Musical Notation",
}

@misc{lilypond:Online,
  author        = {Nienhuys, Han-Wen and Nieuwenhuizen, Jan},
  title         = {LilyPond},
  howpublished  = { \url{http://lilypond.org/} },
  note          = "Musical Notation",
}

@misc{musicxml:Online,
  author        = {Recordare LLC},
  title         = {MusicXML},
  howpublished  = { \url{http://www.makemusic.com/musicxml} },
  note          = "Musical Notation",
}

@misc{awk:Online,
  author        = {UNIX},
  title         = {awk},
  howpublished  = { \url{http://www.gnu.org/software/gawk/manual/gawk.html} },
  note          = "Tool",
}

@misc{gnuplot:Online,
  title         = {gnuplot},
  howpublished  = { \url{http://www.gnuplot.info/} },
  note          = "Tool",
}

@misc{tikz:Online,
  title         = {TikZ},
  howpublished  = { \url{http://www.texample.net/tikz/} },
  note          = "TeX package",
}

@misc{maxima:Online,
  title         = {Maxima},
  howpublished  = { \url{http://maxima.sourceforge.net/} },
  note          = "Computer algebra system",
}

@misc{abcm2ps:Online,
  author        = {Moine, Jean-François},
  title         = {abcm2ps},
  howpublished  = { \url{http://moinejf.free.fr/} },
  note          = "Tool",
}

@misc{tclabc:Online,
  author        = {Moine, Jean-François},
  title         = {tclabc},
  howpublished  = { \url{http://moinejf.free.fr/} },
  note          = "Tool",
}

@misc{abc2midi:Online,
  author        = {Allwright, James and Shlien, Seymour},
  title         = {abc2midi},
  howpublished  = { \url{http://abc.sourceforge.net/abcMIDI/} },
  note          = "Tool",
}

@misc{abc2abc:Online,
  author        = {Allwright, James and Shlien, Seymour},
  title         = {abc2abc},
  howpublished  = { \url{http://abc.sourceforge.net/abcMIDI/} },
  note          = "Tool",
}

@misc{transposeabc:Online,
  author        = {Fisher, Matthew J.},
  title         = {tanspose\_abc},
  howpublished  = { \url{http://moinejf.free.fr/transpose_abc.pl} },
  note          = "Perl script",
}

@misc{midi:Online,
  title         = {midi},
  howpublished  = { \url{http://www.midi.org/} },
  note          = "Technical standard",
}

@misc{abctool:Online,
  author        = {Jensen, Atte André},
  title         = {abctool},
  howpublished  = { \url{http://atte.dk/abctool/} },
  note          = "Tool",
}

@misc{music21:Online,
  author        = {Cuthbert, Michael Scott and Houge, Ben},
  title         = {Music21},
  howpublished  = { \url{http://web.mit.edu/music21/} },
  note          = "Toolkit",
}

@misc{Finale:Online,
  author        = {MakeMusic Inc.},
  title         = {Finale},
  howpublished  = { \url{http://www.finalemusic.com/} },
  note          = "Tool",
}

@misc{Sibelius:Online,
  author        = {Avid Technology},
  title         = {Sibelius},
  howpublished  = { \url{http://http://www.sibelius.com/} },
  note          = "Tool",
}

@misc{easyabc:Online,
  author        = {Liberg, Nils},
  title         = {EasyABC},
  howpublished  = { \url{http://www.nilsliberg.se/ksp/easyabc/} },
  note          = "Editor",
}

@misc{abcplus:Online,
  author        = {Gonzato, Guido},
  title         = {ABC Plus Project},
  howpublished  = { \url{http://abcplus.sourceforge.net/} },
  note          = "Project",
}

@misc{abcp:Online,
  author        = {Dentato, Remo},
  title         = {ABCp},
  howpublished  = { \url{https://sites.google.com/site/abcparser/} },
  note          = "Parser",
}

@misc{music_abc_archive:Online,
  author        = {J. Welty, Jeffrey},
  title         = {Music::ABC::Archive},
  howpublished  = { \url{http://search.cpan.org/~weltyjj/Music-ABC-Archive-0.01/Archive.pm} },
  note          = "Perl Module",
}

@misc{XPath:Online,
  author        = {World Wide Web Consortium (W3C)},
  title         = {XPath},
  howpublished  = { \url{http://www.w3.org/TR/xpath/} },
  note          = "Language",
}

@misc{Stratego:Online,
  title         = {Stratego},
  howpublished  = { \url{http://strategoxt.org/Stratego/StrategoLanguage} },
  note          = "Language",
}
